<collection xmlns="http://www.loc.gov/MARC21/slim"><record><leader>00680nam  2200217   450</leader><controlfield tag="001">151</controlfield><controlfield tag="003">http://montalegre.opacnet.com/OPAC/default.aspx?ContentAreaControl=ShowRegHoldings.ascx&amp;RegNo=16662</controlfield><controlfield tag="005">20</controlfield><datafield tag="095" ind1=" " ind2=" "><subfield code="a">PTBN00210578</subfield></datafield><datafield tag="100" ind1=" " ind2=" "><subfield code="a">19611201d1961    em y0pora010305  ba</subfield></datafield><datafield tag="101" ind1="1" ind2=" "><subfield code="a">por</subfield><subfield code="c">eng</subfield></datafield><datafield tag="102" ind1=" " ind2=" "><subfield code="a">PT</subfield></datafield><datafield tag="200" ind1="1" ind2=" "><subfield code="a">&lt;O &gt;bispo e o juiz</subfield><subfield code="f">Thomas Henry Hall Caine</subfield><subfield code="g">trad. Januário Leite</subfield></datafield><datafield tag="205" ind1=" " ind2=" "><subfield code="a">4ª ed</subfield></datafield><datafield tag="210" ind1=" " ind2=" "><subfield code="a">Lisboa</subfield><subfield code="c">A. M. Teixeira</subfield><subfield code="d">1955</subfield></datafield><datafield tag="215" ind1=" " ind2=" "><subfield code="a">418, [1] p., [1] f</subfield><subfield code="d">20 cm</subfield></datafield><datafield tag="304" ind1=" " ind2=" "><subfield code="a">Tít. orig.: The deemster</subfield></datafield><datafield tag="675" ind1=" " ind2=" "><subfield code="a">821</subfield><subfield code="v">BN</subfield><subfield code="z">por</subfield></datafield><datafield tag="700" ind1=" " ind2="1"><subfield code="a">Caine</subfield><subfield code="b">Hall</subfield><subfield code="f">1853-1931</subfield></datafield><datafield tag="702" ind1=" " ind2="1"><subfield code="a">Leite</subfield><subfield code="b">Januário</subfield><subfield code="f">1865-1930</subfield><subfield code="4">730</subfield></datafield><datafield tag="801" ind1=" " ind2="0"><subfield code="a">PT</subfield><subfield code="b">Biblioteca Municipal de Montalegre</subfield><subfield code="g">RPC</subfield></datafield><datafield tag="909" ind1="&#9;" ind2=" "><subfield code="a">1</subfield></datafield><datafield tag="966" ind1=" " ind2=" "><subfield code="a">0009139</subfield><subfield code="l">BMM</subfield><subfield code="s">SCG 821 CAI bis</subfield></datafield></record></collection>